<?xml version="1.0" encoding="UTF-8"?><collection xmlns="http://www.loc.gov/MARC21/slim"><record><leader>00431nam--2200169-i-4500</leader><controlfield tag="001">000028774</controlfield><controlfield tag="002">20161230</controlfield><controlfield tag="005">20170205231035</controlfield><controlfield tag="008">060222s1000------------r-----000-0-eng-d</controlfield><datafield ind1=" " ind2=" " tag="100"><subfield code="a">Pape, M</subfield></datafield><datafield ind1=" " ind2=" " tag="245"><subfield code="a">La determination de l`oxygene dans le metaux</subfield></datafield><datafield ind1=" " ind2=" " tag="260"><subfield code="a">Saclay</subfield><subfield code="b">Centre D`Etudes Nucleaires</subfield><subfield code="c">1962</subfield></datafield><datafield ind1=" " ind2=" " tag="300"><subfield code="a">85 p</subfield></datafield><datafield ind1=" " ind2=" " tag="490"><subfield code="a">Bibliographies</subfield></datafield><datafield ind1=" " ind2=" " tag="700"><subfield code="a">Platzer, R</subfield></datafield><datafield ind1=" " ind2=" " tag="852"><subfield code="a">D.1021</subfield></datafield><datafield ind1=" " ind2=" " tag="CAT"><subfield code="a">SYS</subfield><subfield code="c">20170205</subfield><subfield code="h">231035</subfield></datafield></record></collection>